%% Journal article
@article{bib1,
  author		= "Campbell, S. L. and Gear, C. W.",
  title			= "The index of general nonlinear {D}{A}{E}{S}",
  journal		= "Numer. {M}ath.",
  volume		= "72",
  number		= "2",
  pages			= "173--196",
  year			= "1995"
}

%% Journal article with DOI
@article{bib2,
  author		= "Slifka, M. K. and Whitton, J. L.",
  title			= "Clinical implications of dysregulated cytokine production",
  journal		= "J. {M}ol. {M}ed.",
  volume		= "78",
  pages			= "74--80",
  year			= "2000",
  doi			= "10.1007/s001090000086"
}

%% Journal article
@article{bib3,
  author		= "Hamburger, C.",
  title			= "Quasimonotonicity, regularity and duality for nonlinear systems of 
					partial differential equations",
  journal		= "Ann. Mat. Pura. Appl.",
  volume		= "169",
  number		= "2",
  pages			= "321--354",
  year			= "1995"
}

@article{daleMachineLearningMethods2010,
  title = {Machine Learning Methods for Metabolic Pathway Prediction},
  author = {Dale, Joseph M. and Popescu, Liviu and Karp, Peter D.},
  year = {2010},
  journal = {BMC Bioinformatics},
  volume = {11},
  number = {1},
  pages = {15},
  doi = {10.1186/1471-2105-11-15}
}

@article{karpEcoCycDatabase2002,
  title = {The {{EcoCyc Database}}},
  author = {Karp, P. D.},
  year = {2002},
  journal = {Nucleic Acids Research},
  volume = {30},
  number = {1},
  pages = {56--58},
  doi = {10.1093/nar/30.1.56}
}

@article{romeroComputationalPredictionHuman2004,
  title = {Computational Prediction of Human Metabolic Pathways from the Complete Human Genome},
  author = {Romero, Pedro and Wagg, Jonathan and Green, Michelle L and Kaiser, Dale and Krummenacker, Markus and Karp, Peter D},
  year = {2004},
  journal = {Genome Biology},
  volume = {6},
  number = {1},
  pages = {R2},
  doi = {10.1186/gb-2004-6-1-r2}
}

@article{karpPathwayToolsVersion2015a,
  title = {Pathway {{Tools}} Version 24.0: {{Integrated Software}} for {{Pathway}}/{{Genome Informatics}} and {{Systems Biology}}},
  author = {Karp, Peter D. and Paley, Suzanne M. and Midford, Peter E. and Krummenacker, Markus and Billington, Richard and Kothari, Anamika and Ong, Wai Kit and Subhraveti, Pallavi and Keseler, Ingrid M. and Caspi, Ron},
  year = {2015},
  doi = {10.48550/ARXIV.1510.03964}
}

@article{baranwalDeepLearningArchitecture2020,
  title = {A Deep Learning Architecture for Metabolic Pathway Prediction},
  author = {Baranwal, Mayank and Magner, Abram and Elvati, Paolo and Saldinger, Jacob and Violi, Angela and Hero, Alfred O},
  year = {2020},
  journal = {Bioinformatics},
  volume = {36},
  number = {8},
  pages = {2547--2553},
  doi = {10.1093/bioinformatics/btz954}
}

@article{caspiMetaCycDatabaseMetabolic2020,
  title = {The {{MetaCyc}} Database of Metabolic Pathways and Enzymes - a 2019 Update},
  author = {Caspi, Ron and Billington, Richard and Keseler, Ingrid M and Kothari, Anamika and Krummenacker, Markus and Midford, Peter E and Ong, Wai Kit and Paley, Suzanne and Subhraveti, Pallavi and Karp, Peter D},
  year = {2020},
  journal = {Nucleic Acids Research},
  volume = {48},
  number = {D1},
  pages = {D445-D453},
  doi = {10.1093/nar/gkz862}
}

@article{m.a.basherMetabolicPathwayInference2020,
  title = {Metabolic Pathway Inference Using Multi-Label Classification with Rich Pathway Features},
  author = {M. A. Basher, Abdur Rahman and McLaughlin, Ryan J. and Hallam, Steven J.},
  year = {2020},
  journal = {PLOS Computational Biology},
  volume = {16},
  number = {10},
  pages = {e1008174},
  doi = {10.1371/journal.pcbi.1008174}
}

@article{mabasherLeveragingHeterogeneousNetwork2021,
  title = {Leveraging Heterogeneous Network Embedding for Metabolic Pathway Prediction},
  author = {M A Basher, Abdur Rahman and Hallam, Steven J},
  year = {2021},
  journal = {Bioinformatics},
  volume = {37},
  number = {6},
  pages = {822--829},
  doi = {10.1093/bioinformatics/btaa906}
}

@article{basherMetabolicPathwayPrediction2021,
  title = {Metabolic {{Pathway Prediction Using Non-Negative Matrix Factorization}} with {{Improved Precision}}},
  author = {Basher, Abdur Rahman M.A. and Mclaughlin, Ryan J. and Hallam, Steven J.},
  year = {2021},
  journal = {Journal of Computational Biology},
  volume = {28},
  number = {11},
  pages = {1075--1103},
  doi = {10.1089/cmb.2021.0258}
}

@article{karpPathwayToolsPathway2011,
  title = {The {{Pathway Tools Pathway Prediction Algorithm}}},
  author = {Karp, Peter D. and Latendresse, Mario and Caspi, Ron},
  year = {2011},
  journal = {Standards in Genomic Sciences},
  volume = {5},
  number = {3},
  pages = {424--429},
  doi = {10.4056/sigs.1794338}
}

@article{shwartz-zivTabularDataDeep2022,
  title = {Tabular Data: {{Deep}} Learning Is Not All You Need},
  author = {{Shwartz-Ziv}, Ravid and Armon, Amitai},
  year = {2022},
  journal = {Information Fusion},
  volume = {81},
  pages = {84--90},
  doi = {10.1016/j.inffus.2021.11.011}
}

@article{sczyrbaCriticalAssessmentMetagenome2017,
  title = {Critical {{Assessment}} of {{Metagenome Interpretation}}\textemdash a Benchmark of Metagenomics Software},
  author = {Sczyrba, Alexander and Hofmann, Peter and Belmann, Peter and Koslicki, David and Janssen, Stefan and Dr{\"o}ge, Johannes and Gregor, Ivan and Majda, Stephan and Fiedler, Jessika and Dahms, Eik and Bremges, Andreas and Fritz, Adrian and {Garrido-Oter}, Ruben and J{\o}rgensen, Tue Sparholt and Shapiro, Nicole and Blood, Philip D and Gurevich, Alexey and Bai, Yang and Turaev, Dmitrij and DeMaere, Matthew Z and Chikhi, Rayan and Nagarajan, Niranjan and Quince, Christopher and Meyer, Fernando and Balvo{\v c}i{\=u}t{\.e}, Monika and Hansen, Lars Hestbjerg and S{\o}rensen, S{\o}ren J and Chia, Burton K H and Denis, Bertrand and Froula, Jeff L and Wang, Zhong and Egan, Robert and Don Kang, Dongwan and Cook, Jeffrey J and Deltel, Charles and Beckstette, Michael and Lemaitre, Claire and Peterlongo, Pierre and Rizk, Guillaume and Lavenier, Dominique and Wu, Yu-Wei and Singer, Steven W and Jain, Chirag and Strous, Marc and Klingenberg, Heiner and Meinicke, Peter and Barton, Michael D and Lingner, Thomas and Lin, Hsin-Hung and Liao, Yu-Chieh and Silva, Genivaldo Gueiros Z and Cuevas, Daniel A and Edwards, Robert A and Saha, Surya and Piro, Vitor C and Renard, Bernhard Y and Pop, Mihai and Klenk, Hans-Peter and G{\"o}ker, Markus and Kyrpides, Nikos C and Woyke, Tanja and Vorholt, Julia A and {Schulze-Lefert}, Paul and Rubin, Edward M and Darling, Aaron E and Rattei, Thomas and McHardy, Alice C},
  year = {2017},
  journal = {Nature Methods},
  volume = {14},
  number = {11},
  pages = {1063--1071},
  doi = {10.1038/nmeth.4458}
}

@article{konwarMetaPathwaysV2Quantitative2015,
  title = {{{MetaPathways}} v2.5: Quantitative Functional, Taxonomic and Usability Improvements},
  author = {Konwar, Kishori M. and Hanson, Niels W. and Bhatia, Maya P. and Kim, Dongjae and Wu, Shang-Ju and Hahn, Aria S. and {Morgan-Lang}, Connor and Cheung, Hiu Kan and Hallam, Steven J.},
  year = {2015},
  journal = {Bioinformatics},
  volume = {31},
  number = {20},
  pages = {3345--3347},
  doi = {10.1093/bioinformatics/btv361}
}

@article{bairochENZYMEDatabase20002000,
  title = {The {{ENZYME}} Database in 2000},
  author = {Bairoch, A.},
  year = {2000},
  journal = {Nucleic Acids Research},
  volume = {28},
  number = {1},
  pages = {304--305}
}

@article{karpBioCycCollectionMicrobial2019,
  title = {The {{BioCyc}} Collection of Microbial Genomes and Metabolic Pathways},
  author = {Karp, Peter D and Billington, Richard and Caspi, Ron and Fulcher, Carol A and Latendresse, Mario and Kothari, Anamika and Keseler, Ingrid M and Krummenacker, Markus and Midford, Peter E and Ong, Quang and Ong, Wai Kit and Paley, Suzanne M and Subhraveti, Pallavi},
  year = {2019},
  journal = {Briefings in Bioinformatics},
  volume = {20},
  number = {4},
  pages = {1085--1093}
}

@article{keselerEcoCycDatabase20212021,
  title = {The {{EcoCyc Database}} in 2021},
  author = {Keseler, Ingrid M. and {Gama-Castro}, Socorro and Mackie, Amanda and Billington, Richard and {Bonavides-Mart{\'i}nez}, C{\'e}sar and Caspi, Ron and Kothari, Anamika and Krummenacker, Markus and Midford, Peter E. and {Mu{\~n}iz-Rascado}, Luis and Ong, Wai Kit and Paley, Suzanne and {Santos-Zavaleta}, Alberto and Subhraveti, Pallavi and Tierrafr{\'i}a, V{\'i}ctor H. and Wolfe, Alan J. and {Collado-Vides}, Julio and Paulsen, Ian T. and Karp, Peter D.},
  year = {2021},
  journal = {Frontiers in Microbiology},
  volume = {12},
  pages = {711077}
}

@article{muellerAraCycBiochemicalPathway2003,
  title = {{{AraCyc}}: {{A Biochemical Pathway Database}} for {{Arabidopsis}}},
  author = {Mueller, Lukas A. and Zhang, Peifen and Rhee, Seung Y.},
  year = {2003},
  journal = {Plant Physiology},
  volume = {132},
  number = {2},
  pages = {453--460}
}

@article{doyleLeishCycBiochemicalPathways2009,
  title = {{{LeishCyc}}: A Biochemical Pathways Database for {{Leishmania}} Major},
  author = {Doyle, Maria A and MacRae, James I and De Souza, David P and Saunders, Eleanor C and McConville, Malcolm J and Liki{\'c}, Vladimir A},
  year = {2009},
  journal = {BMC Systems Biology},
  volume = {3},
  number = {1},
  pages = {57}
}

@article{shameerTrypanoCycCommunityledBiochemical2015,
  title = {{{TrypanoCyc}}: A Community-Led Biochemical Pathways Database for {{Trypanosoma}} Brucei},
  author = {Shameer, Sanu and {Logan-Klumpler}, Flora J. and Vinson, Florence and Cottret, Ludovic and Merlet, Benjamin and Achcar, Fiona and Boshart, Michael and Berriman, Matthew and Breitling, Rainer and Bringaud, Fr{\'e}d{\'e}ric and B{\"u}tikofer, Peter and Cattanach, Amy M. and {Bannerman-Chukualim}, Bridget and Creek, Darren J. and Crouch, Kathryn and De Koning, Harry P. and Denise, Hubert and Ebikeme, Charles and Fairlamb, Alan H. and Ferguson, Michael A. J. and Ginger, Michael L. and {Hertz-Fowler}, Christiane and Kerkhoven, Eduard J. and M{\"a}ser, Pascal and Michels, Paul A. M. and Nayak, Archana and Nes, David W. and Nolan, Derek P. and Olsen, Christian and {Silva-Franco}, Fatima and Smith, Terry K. and Taylor, Martin C. and Tielens, Aloysius G. M. and Urbaniak, Michael D. and {van~Hellemond}, Jaap J. and Vincent, Isabel M. and Wilkinson, Shane R. and Wyllie, Susan and Opperdoes, Fred R. and Barrett, Michael P. and Jourdan, Fabien},
  year = {2015},
  journal = {Nucleic Acids Research},
  volume = {43},
  number = {D1},
  pages = {D637-D644}
}

@article{yeParsimonyApproachBiological2009,
  title = {A {{Parsimony Approach}} to {{Biological Pathway Reconstruction}}/{{Inference}} for {{Genomes}} and {{Metagenomes}}},
  author = {Ye, Yuzhen and Doak, Thomas G.},
  year = {2009},
  journal = {PLoS Computational Biology},
  volume = {5},
  number = {8},
  pages = {e1000465}
}

@article{zhangBinaryRelevanceMultilabel2018,
  title = {Binary Relevance for Multi-Label Learning: An Overview},
  author = {Zhang, Min-Ling and Li, Yu-Kun and Liu, Xu-Ying and Geng, Xin},
  year = {2018},
  journal = {Frontiers of Computer Science},
  volume = {12},
  number = {2},
  pages = {191--202}
}

@article{tsoumakasMultiLabelClassificationOverview2007,
  title = {{Multi-Label Classification: An Overview}},
  author = {Tsoumakas, Grigorios and Katakis, Ioannis},
  year = {2007},
  journal = {International Journal of Data Warehousing and Mining},
  volume = {3},
  number = {3},
  pages = {1--13}
}

@article{aljarbouDeterminingPresenceMetabolic2020,
  title = {Determining the {{Presence}} of {{Metabolic Pathways}} Using {{Machine Learning Approach}}},
  author = {Aljarbou, Yara Saud and Haron, Fazilah},
  year = {2020},
  journal = {International Journal of Advanced Computer Science and Applications},
  volume = {11},
  number = {8}
}

@article{shahDeepRFDeepLearning2022,
  title = {{{DeepRF}}: {{A}} Deep Learning Method for Predicting Metabolic Pathways in Organisms Based on Annotated Genomes},
  author = {Shah, Hayat Ali and Liu, Juan and Yang, Zhihui and Zhang, Xiaolei and Feng, Jing},
  year = {2022},
  journal = {Computers in Biology and Medicine},
  volume = {147},
  pages = {105756}
}

@article{moriyaPathPredEnzymecatalyzedMetabolic2010,
  title = {{{PathPred}}: An Enzyme-Catalyzed Metabolic Pathway Prediction Server},
  author = {Moriya, Y. and Shigemizu, D. and Hattori, M. and Tokimatsu, T. and Kotera, M. and Goto, S. and Kanehisa, M.},
  year = {2010},
  journal = {Nucleic Acids Research},
  volume = {38},
  number = {Web Server},
  pages = {W138-W143}
}

@article{jiaSimilarityBasedMachineLearning2020a,
  title = {Similarity-{{Based Machine Learning Model}} for {{Predicting}} the {{Metabolic Pathways}} of {{Compounds}}},
  author = {Jia, Yanjuan and Zhao, Ran and Chen, Lei},
  year = {2020},
  journal = {IEEE Access},
  volume = {8},
  pages = {130687--130696}
}

@article{bengioRepresentationLearningReview2013,
  title = {Representation {{Learning}}: {{A Review}} and {{New Perspectives}}},
  author = {Bengio, Y. and Courville, A. and Vincent, P.},
  year = {2013},
  journal = {IEEE Transactions on Pattern Analysis and Machine Intelligence},
  volume = {35},
  number = {8},
  pages = {1798--1828}
}

@article{friedmanGreedyFunctionApproximation2001,
  title = {Greedy Function Approximation: {{A}} Gradient Boosting Machine.},
  author = {Friedman, Jerome H.},
  year = {2001},
  journal = {The Annals of Statistics},
  volume = {29},
  number = {5}
}

@article{sagiApproximatingXGBoostInterpretable2021,
  title = {Approximating {{XGBoost}} with an Interpretable Decision Tree},
  author = {Sagi, Omer and Rokach, Lior},
  year = {2021},
  journal = {Information Sciences},
  volume = {572},
  pages = {522--542},
  doi = {10.1016/j.ins.2021.05.055}
}

@article{konwarMetaPathwaysModularPipeline2013,
  title = {{{MetaPathways}}: A Modular Pipeline for Constructing Pathway/Genome Databases from Environmental Sequence Information},
  author = {Konwar, Kishori M and Hanson, Niels W and Pag{\'e}, Antoine P and Hallam, Steven J},
  year = {2013},
  journal = {BMC Bioinformatics},
  volume = {14},
  number = {1},
  pages = {202},
  doi = {10.1186/1471-2105-14-202}
}

@article{10.5555/3322706.3322712,
author = {Szymanski, Piotr and Kajdanowicz, Tomasz},
title = {Scikit-Multilearn: A Scikit-Based Python Environment for Performing Multi-Label Classification},
year = {2019},
volume = {20},
number = {1},
journal = {J. Mach. Learn. Res.},
pages = {209–230}
}

@article{chenPredictingCharacterisingPersuasion2023,
  title = {Predicting and Characterising Persuasion Strategies in Misinformation Content over Social Media Based on the Multi-Label Classification Approach},
  author = {Chen, Sijing and Xiao, Lu},
  year = {2023},
  journal = {Journal of Information Science},
  pages = {016555152311699},
  doi = {10.1177/01655515231169949}
}

@inproceedings{piter2021multi,
  title={Multi-Label Classification for Scientific Conference Activities Information Text Using Extreme Gradient Boost (XGBoost) Method},
  author={Piter, Cryssa AE and Hadi, Setiwan and Yulita, Intan Nurma},
  booktitle={2021 International Conference on Artificial Intelligence and Big Data Analytics},
  pages={1--5},
  year={2021},
  organization={IEEE}
}

@article{zhangRapidAntibioticResistance2022,
  title = {Rapid {{Antibiotic Resistance Serial Prediction}} in {{Staphylococcus}} Aureus {{Based}} on {{Large-Scale MALDI-TOF Data}} by {{Applying XGBoost}} in {{Multi-Label Learning}}},
  author = {Zhang, Jiahong and Wang, Zhuo and Wang, Hsin-Yao and Chung, Chia-Ru and Horng, Jorng-Tzong and Lu, Jang-Jih and Lee, Tzong-Yi},
  year = {2022},
  journal = {Frontiers in Microbiology},
  volume = {13},
  pages = {853775},
  doi = {10.3389/fmicb.2022.853775}
}

@article{grinsztajn2022tree,
  title={Why do tree-based models still outperform deep learning on typical tabular data?},
  author={Grinsztajn, L{\'e}o and Oyallon, Edouard and Varoquaux, Ga{\"e}l},
  journal={Advances in Neural Information Processing Systems},
  volume={35},
  pages={507--520},
  year={2022}
}

%% book, authored
@book{bib4,
  author		= "Geddes, K. O. and Czapor, S. R. and Labahn, G.",
  title			= "Algorithms for {C}omputer {A}lgebra",
  address		= "Boston",
  publisher		= "Kluwer",
  year			= "1992"
}

%% Item 8. Book, chapter
@incollection{bib5,
  author		= "Broy, M.",
  title			= "Software engineering---from auxiliary to key technologies",
  editor		= "Broy, M. and Denert, E.",
  booktitle		= "Software Pioneers",
  pages			= "10--13",
  address		= "New {Y}ork",
  publisher		= "Springer",
  year			= "1992"
}

%% Book, edited
@book{bib6,
  editor		= "Seymour, R. S.",
  title			= "Conductive {P}olymers",
  address		= "New {Y}ork",
  publisher		= "Plenum",
  year			= "1981"
}

%% Chapter in a book in a series with volume titles
@inproceedings{bib7,
  author		= "Smith, S. E.",
  title			= "Neuromuscular blocking drugs in man",
  editor		= "Zaimis, E.",
  volume		= "42",
  booktitle		= "Neuromuscular junction. {H}andbook of experimental pharmacology",
  pages			= "593--660",
  address		= "Heidelberg",
  publisher		= "Springer",
  year			= "1976"
}

@inproceedings{chenXGBoostScalableTree2016,
  title = {XGBoost: A Scalable Tree Boosting System},
  booktitle = {Proceedings of the 22nd ACM SIGKDD International Conference on Knowledge Discovery and Data Mining},
  author = {Chen, Tianqi and Guestrin, Carlos},
  year = {2016},
  pages = {785--794},
  doi = {10.1145/2939672.2939785}
}

@inproceedings{10.5555/3294996.3295074,
author = {Ke, Guolin and Meng, Qi and Finley, Thomas and Wang, Taifeng and Chen, Wei and Ma, Weidong and Ye, Qiwei and Liu, Tie-Yan},
title = {LightGBM: A Highly Efficient Gradient Boosting Decision Tree},
year = {2017},
booktitle = {Proceedings of the 31st International Conference on Neural Information Processing Systems},
pages = {3149–3157},
}

@InProceedings{pmlr-v70-wu17a,
  title = 	 {A Unified View of Multi-Label Performance Measures},
  author =       {Xi-Zhu Wu and Zhi-Hua Zhou},
  booktitle = 	 {Proceedings of the 34th International Conference on Machine Learning},
  pages = 	 {3780--3788},
  year = 	 {2017},
  volume = 	 {70},
  series = 	 {Proceedings of Machine Learning Research}
}

%% Paper presented at a conference
@misc{bib8,
  author		= "Chung, S. T. and Morris, R. L.",
  title			= "Isolation and characterization of plasmid deoxyribonucleic acid from 
					Streptomyces fradiae",
  year			= "1978",
  note			= "Paper presented at the 3rd international symposium on the genetics 
					of industrial microorganisms, University of {W}isconsin, {M}adison, 
					4--9 June 1978"
}

%% Data citation example
@misc{bib9,
  author		= "Hao, Z. and AghaKouchak, A. and Nakhjiri, N. and Farahmand, A.",
  title			= "Global integrated drought monitoring and prediction system (GIDMaPS) data sets", 
  year			= "2014",
  note			= "figshare \url{https://doi.org/10.6084/m9.figshare.853801}"
}

%% Preprint citation example
@misc{bib10, 
  author		= "Babichev, S. A. and Ries, J. and Lvovsky, A. I.",
  title			= "Quantum scissors: teleportation of single-mode optical states by means 
					of a nonlocal single photon", 
  year			= "2002",
  note			= "Preprint at \url{https://arxiv.org/abs/quant-ph/0208066v1}"
}

@article{bib11,
  author		= "Beneke, M. and Buchalla, G. and Dunietz, I.",
  title			= "Mixing induced {CP} asymmetries in inclusive {B} decays",
  journal		= "Phys. {L}ett.",
  volume		= "B393",
  year			= "1997",
  pages			= "132-142",
  archivePrefix		= "arXiv",
  eprint		= "0707.3168",
  primaryClass		= "gr-gc"
}

@softmisc{bib12,
  author		= "Stahl, B.",
  title			= "deep{SIP}: deep learning of {S}upernova {I}a {P}arameters",
  version		= "0.42",
  keywords		= "Software",
  howpublished		= "Astrophysics {S}ource {C}ode {L}ibrary",
  year			= "2020",
  month			= "Jun",
  eid			= "ascl:2006.023",
  pages			= "ascl:2006.023",
  archivePrefix		= "ascl",
  eprint		= "2006.023",
  adsurl		= "{https://ui.adsabs.harvard.edu/abs/2020ascl.soft06023S}",
  adsnote		= "Provided by the SAO/NASA Astrophysics Data System"
}

@article{bib13,
  author = "Abbott, T. M. C. and others",
  collaboration = "DES",
  title = "{Dark Energy Survey Year 1 Results: Constraints on Extended Cosmological Models from Galaxy Clustering and Weak Lensing}",
  eprint = "1810.02499",
  archivePrefix = "arXiv",
  primaryClass = "astro-ph.CO",
  reportNumber = "FERMILAB-PUB-18-507-PPD",
  doi = "10.1103/PhysRevD.99.123505",
  journal = "Phys. Rev. D",
  volume = "99",
  number = "12",
  pages = "123505",
  year = "2019"
}

%%============================================================================%%
%% while using chicago reference style, both abbreviated and expanded form of %%
%% author name format is acceptable. Refer below example for expanded form    %%
%%============================================================================%%

%%  author		= "{Cameron, Deborah}", - single author
%%  author		= "{Saito, Yukio} and {Hyuga, Hiroyuki}", - double author 

%%======================================%%
%% Example for author names with suffix %%
%%======================================%%

%%  author		= "{Price, R. A. Jr} and {Curry, N. {III}} and McCann, K. E. and 
%%					Fielding, J. L. and {Abercrombie, E. Jr}",
